@INPROCEEDINGS{9914294,
  author={C, Shamitha. and Radhika, S. and K, Malathy and Ranjith, S. and Sasirekha, N.},
  booktitle={2022 International Conference on Innovative Computing, Intelligent Communication and Smart Electrical Systems (ICSES)}, 
  title={An intelligent IoT Enabled Traffic queue handling System Using Machine Learning Algorithm}, 
  year={2022},
  volume={},
  number={},
  pages={1-9},
  keywords={Machine learning algorithms;Transportation;Clustering algorithms;Machine learning;Traffic control;Prediction algorithms;Delays;traffic management system;IoT;ML;DBSCAN method;intelligent traffic management;smart road;intelligent transport system},
  doi={10.1109/ICSES55317.2022.9914294}}


@INPROCEEDINGS{10060318,
  author={Padmini, M S and Rajkumar, R and Prahlada and Kuzhalivaimozhi, S and Galagali, Shivraj S and Reddy, Koushik N},
  booktitle={2022 International Conference on Artificial Intelligence and Data Engineering (AIDE)}, 
  title={Energy Efficient Smart Street Lighting System}, 
  year={2022},
  volume={},
  number={},
  pages={162-170},
  keywords={Lighting;Prototypes;Energy efficiency;Sensor systems;Software;Systems support;Vehicle dynamics;Automated lighting;Energy efficiency;Intelligent street-lighting;Smart-street lighting;Light dependent resistor (LDR);infrared sensor (IR);Passive infrared sensor (PIR)},
  doi={10.1109/AIDE57180.2022.10060318}}

@ARTICLE{10384717,
  author={Dui, Hongyan and Zhang, Songru and Liu, Meng and Dong, Xinghui and Bai, Guanghan},
  journal={IEEE Internet of Things Journal}, 
  title={IoT-Enabled Real-Time Traffic Monitoring and Control Management for Intelligent Transportation Systems}, 
  year={2024},
  volume={11},
  number={9},
  pages={15842-15854},
  keywords={Transportation;Traffic congestion;Computer architecture;Real-time systems;Internet of Things;Roads;Behavioral sciences;Intelligent transportation system;Internet of Things (IoT);route choices;traffic congestion;vehicle-toeverything (V2X)-supported vehicles},
  doi={10.1109/JIOT.2024.3351908}}


@INPROCEEDINGS{10568678,
  author={Saranya, G. and Ratheesh, R. and Vijayalakshmi, S. and Arunsundar, B. and Swarna, M.},
  booktitle={2024 Ninth International Conference on Science Technology Engineering and Mathematics (ICONSTEM)}, 
  title={Smart Signaling: A Smart Internet of Things Assisted Traffic Light Controlling and Monitoring System using Intelligent Sensors}, 
  year={2024},
  volume={},
  number={},
  pages={1-8},
  keywords={System performance;Urban areas;Control systems;Real-time systems;Sensor systems;Safety;Internet of Things;Smart IoT;Traffic Management;Traffic Light Control;Real-time Data Analysis;Sensor Technology;Cloud Infrastructure;Machine Learning;Urban Mobility;Environmental Sustainability;Predictive Traffic Management},
  doi={10.1109/ICONSTEM60960.2024.10568678}}
