@INPROCEEDINGS{9931585,
  author={Khelifi, Hakima and Belouahri, Amani},
  booktitle={2022 International Conference on Advanced Aspects of Software Engineering (ICAASE)}, 
  title={The Impact of Big Data Analytics on Traffic Prediction}, 
  year={2022},
  volume={},
  number={},
  pages={1-6},
  keywords={Performance evaluation;Solid modeling;Analytical models;Roads;Big Data;Predictive models;Data models;Internet of Vehicles;Big Data Analytics;Deep Learning},
  doi={10.1109/ICAASE56196.2022.9931585}}



@ARTICLE{10384717,
  author={Dui, Hongyan and Zhang, Songru and Liu, Meng and Dong, Xinghui and Bai, Guanghan},
  journal={IEEE Internet of Things Journal}, 
  title={IoT-Enabled Real-Time Traffic Monitoring and Control Management for Intelligent Transportation Systems}, 
  year={2024},
  volume={11},
  number={9},
  pages={15842-15854},
  keywords={Transportation;Traffic congestion;Computer architecture;Real-time systems;Internet of Things;Roads;Behavioral sciences;Intelligent transportation system;Internet of Things (IoT);route choices;traffic congestion;vehicle-toeverything (V2X)-supported vehicles},
  doi={10.1109/JIOT.2024.3351908}}


@INPROCEEDINGS{9914294,
  author={C, Shamitha. and Radhika, S. and K, Malathy and Ranjith, S. and Sasirekha, N.},
  booktitle={2022 International Conference on Innovative Computing, Intelligent Communication and Smart Electrical Systems (ICSES)}, 
  title={An intelligent IoT Enabled Traffic queue handling System Using Machine Learning Algorithm}, 
  year={2022},
  volume={},
  number={},
  pages={1-9},
  keywords={Machine learning algorithms;Transportation;Clustering algorithms;Machine learning;Traffic control;Prediction algorithms;Delays;traffic management system;IoT;ML;DBSCAN method;intelligent traffic management;smart road;intelligent transport system},
  doi={10.1109/ICSES55317.2022.9914294}}


@INPROCEEDINGS{10575594,
  author={Santhosh Narayanan, B and Shyamala, L},
  booktitle={2024 3rd International Conference on Applied Artificial Intelligence and Computing (ICAAIC)}, 
  title={Adopting Ensemble Learning and Machine Learning Techniques for Predictive Modeling in Traffic Data Analysis}, 
  year={2024},
  volume={},
  number={},
  pages={528-533},
  keywords={Soft sensors;Urban areas;Predictive models;Real-time systems;Ensemble learning;Task analysis;Predictive analytics;Predictive Modeling;Ensemble Methods;Long Short-Term Memory (LSTM);Deep Belief Networks (DBN)},
  doi={10.1109/ICAAIC60222.2024.10575594}}



@INPROCEEDINGS{10568678,
  author={Saranya, G. and Ratheesh, R. and Vijayalakshmi, S. and Arunsundar, B. and Swarna, M.},
  booktitle={2024 Ninth International Conference on Science Technology Engineering and Mathematics (ICONSTEM)}, 
  title={Smart Signaling: A Smart Internet of Things Assisted Traffic Light Controlling and Monitoring System using Intelligent Sensors}, 
  year={2024},
  volume={},
  number={},
  pages={1-8},
  keywords={System performance;Urban areas;Control systems;Real-time systems;Sensor systems;Safety;Internet of Things;Smart IoT;Traffic Management;Traffic Light Control;Real-time Data Analysis;Sensor Technology;Cloud Infrastructure;Machine Learning;Urban Mobility;Environmental Sustainability;Predictive Traffic Management},
  doi={10.1109/ICONSTEM60960.2024.10568678}}

